@inproceedings{Gu-McCallum-Detecting,
    author = {Gu, Yu and Mccallum, Andrew and Towsley, Donald},
    year = {2005},
    month = {01},
    pages = {345-350},
    title = {Detecting Anomalies in Network Traffic Using Maximum Entropy Estimation.},
    doi = {10.1145/1330107.1330148}
}

@thesis{Pavuk:2017:MuniBP,
        author               = "Tomáš Pavuk",
        title                = "Detekcia sieťových útokovv reálnom čase",
        school               = "Masarykova univerzitaFakulta informatiky",
        address              = "Brno",
        year                 = "2017",
        note                 = "Vedoucí práce RNDr. Milan Čermák",
        type                 = {Bakalárska práca}
}

@book{anomaly-book,
    author = {Bhuyan, Monowar and Bhattacharyya, Dhruba K and Kalita, Jugal},
    year = {2017},
    month = {01},
    pages = {},
    title = {Network Traffic Anomaly Detection and Prevention: Concepts, Techniques, and Tools},
    isbn = {978-3-319-65186-6},
    doi = {10.1007/978-3-319-65188-0}
}

@misc{PDF-Monitoring,
  title = {Network Monitoring Fundamentals andStandards},
  author = {Edmund Wong},
  note  =  {\url{https://www.cse.wustl.edu/~jain/cis788-97/ftp/net_monitoring.pdf}, Navštívené: 25-5-2020},
}

@misc{NIDS-PDF,
  title = {Siete, Internet a telekomunikácie, Systému na detekciu/prevenciu prienikov},
  author = {Ladislav Hudec},
  year = {2013},
  note  =  {\url{https://www.csirt.gov.sk/doc/MFSRVzdelavanie/02Vzdelavanie2014/Prezentacie_specialisti_na_informacnu_bezpecnost/PrezS_2014_02_Siete_5.pdf}, Navštívené: 25-5-2020},
}

@article{NIDS-Hung-Chun,
    author = {Liao, Hung-Jen and Lin, Chun-Hung and Lin, Ying-Chih and Tung, Kuang-Yuan},
    year = {2013},
    month = {01},
    pages = {16–24},
    title = {Intrusion detection system: A comprehensive review},
    volume = {36},
    journal = {Journal of Network and Computer Applications},
    doi = {10.1016/j.jnca.2012.09.004}
}

@article{NIDS-Kumar,
    author = {Kumar, Sailesh},
    year = {2007},
    month = {12},
    pages = {18},
    title = {Survey of Current Network Intrusion Detection Techniques}
}

@inbook{AnomalyDetection,
    author = {V. Jyothsna and Rama Prasad and K. Munivara Prasad},
    year = {2011},
    month = {08},
    pages = {},
    title = {Anomaly-Based Intrusion Detection System},
    doi = {10.5772/intechopen.82287}
}

@techreport{Anomaly-Clarke-Yair,
    author ={Clarke, Karla and Yair, Levy},
    title ={Cybersecurity Vital Signs: The Role of Anomaly Detection on Insider Threat Triage},
    publisher ={KM Conference},
    year ={2017}
}

@article{AnomalyMarkovs,
    author = {García-Teodoro, Pedro and Díaz-Verdejo, Jesús and Maciá-Fernández, Gabriel and Vázquez, Enrique},
    year = {2009},
    month = {02},
    pages = {18-28},
    title = {Anomaly-based network intrusion detection: Techniques, systems and challenges},
    volume = {28},
    journal = {Computers \& Security},
    doi = {10.1016/j.cose.2008.08.003}
}